
@ARTICLE{Yaari2012-kk,
title = "Quantifying selection in high-throughput Immunoglobulin sequencing data sets",
author = "Yaari, Gur and Uduman, Mohamed and Kleinstein, Steven H",
affiliation = "Department of Pathology, Yale University School of Medicine, New Haven, CT 06520, USA.",
journal = "Nucleic Acids Res.",
volume =  40,
number =  17,
pages = "e134",
month =  may,
year =  2012,
url = "http://dx.doi.org/10.1093/nar/gks457",
issn = "0305-1048",
pmid = "22641856",
doi = "10.1093/nar/gks457",
pmc = "PMC3458526"
}


@ARTICLE{Felsenstein1981-zs,
title = "Evolutionary trees from {DNA} sequences: a maximum likelihood approach",
author = "Felsenstein, J",
journal = "J. Mol. Evol.",
publisher = "Springer",
volume =  17,
number =  6,
pages = "368--376",
year =  1981,
url = "http://www.ncbi.nlm.nih.gov/pubmed/7288891",
issn = "0022-2844",
pmid = "7288891"
}

@ARTICLE{Finlay2012,
title = "Natural and man-made V-gene repertoires for antibody discovery",
author = "Finlay, William J. J. and Almagro, Juan C.",
journal = "Front. Immunol.",
volume = 3,
pages = "342",
year = 2012,
url = "http://journal.frontiersin.org/article/10.3389/fimmu.2012.00342",
issn = "1664-3224"
}
